<?xml version="1.0" encoding="UTF-8"?><collection xmlns="http://www.loc.gov/MARC21/slim"><record><leader>00349nam--2200121-i-4500</leader><controlfield tag="001">000004912</controlfield><controlfield tag="002">20161230</controlfield><controlfield tag="005">20161230201026</controlfield><controlfield tag="008">060222s1000------------r-----000-0-eng-d</controlfield><datafield ind1=" " ind2=" " tag="100"><subfield code="a">Bauer, Arthur A.And Rough, Frank A</subfield></datafield><datafield ind1=" " ind2=" " tag="245"><subfield code="a">Constitutional diagrams of uranium and thorium alloys</subfield></datafield><datafield ind1=" " ind2=" " tag="260"><subfield code="a">Reading/Mass., Addison-wesley Vi + 153 P</subfield></datafield><datafield ind1=" " ind2=" " tag="852"><subfield code="a">15131</subfield></datafield></record></collection>